@article{chen2018neural,
  title={Neural ordinary differential equations},
  author={Chen, Ricky TQ and Rubanova, Yulia and Bettencourt, Jesse and Duvenaud, David K},
  journal={Advances in neural information processing systems},
  volume={31},
  year={2018}
}

@article{greydanus2019hamiltonian,
  title={Hamiltonian neural networks},
  author={Greydanus, Samuel and Dzamba, Misko and Yosinski, Jason},
  journal={Advances in neural information processing systems},
  volume={32},
  year={2019}
}

@article{cranmer2020lagrangian,
  title={Lagrangian neural networks},
  author={Cranmer, Miles and Greydanus, Sam and Hoyer, Stephan and Battaglia, Peter and Spergel, David and Ho, Shirley},
  journal={arXiv preprint arXiv:2003.04630},
  year={2020}
}

@article{kidger2022neural,
  title={On neural differential equations},
  author={Kidger, Patrick},
  journal={arXiv preprint arXiv:2202.02435},
  year={2022}
}

@article{Zygote.jl-2018,
	author    = {Michael Innes},
	title     = {Don't Unroll Adjoint: Differentiating SSA-Form Programs},
	journal   = {CoRR},
	volume    = {abs/1810.07951},
	year      = {2018},
	url       = {http://arxiv.org/abs/1810.07951},
	archivePrefix = {arXiv},
	eprint    = {1810.07951},
	timestamp = {Tue, 30 Oct 2018 20:39:56 +0100},
	biburl    = {https://dblp.org/rec/bib/journals/corr/abs-1810-07951},
	bibsource = {dblp computer science bibliography, https://dblp.org}
}




@article{Flux.jl-2018,
	author    = {Michael Innes and
	Elliot Saba and
	Keno Fischer and
	Dhairya Gandhi and
	Marco Concetto Rudilosso and
	Neethu Mariya Joy and
	Tejan Karmali and
	Avik Pal and
	Viral Shah},
	title     = {Fashionable Modelling with Flux},
	journal   = {CoRR},
	volume    = {abs/1811.01457},
	year      = {2018},
	url       = {https://arxiv.org/abs/1811.01457},
	archivePrefix = {arXiv},
	eprint    = {1811.01457},
	timestamp = {Thu, 22 Nov 2018 17:58:30 +0100},
	biburl    = {https://dblp.org/rec/bib/journals/corr/abs-1811-01457},
	bibsource = {dblp computer science bibliography, https://dblp.org}
}

@article{DiffEqFlux.jl,
	author    = {Christopher Rackauckas and
	Mike Innes and
	Yingbo Ma and
	Jesse Bettencourt and
	Lyndon White and
	Vaibhav Dixit},
	title     = {DiffEqFlux.jl - {A} Julia Library for Neural Differential Equations},
	journal   = {CoRR},
	volume    = {abs/1902.02376},
	year      = {2019},
	url       = {https://arxiv.org/abs/1902.02376},
	archivePrefix = {arXiv},
	eprint    = {1902.02376},
	timestamp = {Tue, 21 May 2019 18:03:36 +0200},
	biburl    = {https://dblp.org/rec/bib/journals/corr/abs-1902-02376},
	bibsource = {dblp computer science bibliography, https://dblp.org}
}

@article{DifferentialEquations.jl-2017,
	author = {Rackauckas, Christopher and Nie, Qing},
	doi = {10.5334/jors.151},
	journal = {The Journal of Open Research Software},
	keywords = {Applied Mathematics},
	note = {Exported from https://app.dimensions.ai on 2019/05/05},
	number = {1},
	pages = {},
	title = {DifferentialEquations.jl â€“ A Performant and Feature-Rich Ecosystem for Solving Differential Equations in Julia},
	url = {https://app.dimensions.ai/details/publication/pub.1085583166 and http://openresearchsoftware.metajnl.com/articles/10.5334/jors.151/galley/245/download/},
	volume = {5},
	year = {2017}
}

@book{leimkuhler2004simulating,
	title={Simulating hamiltonian dynamics},
	author={Leimkuhler, Benedict and Reich, Sebastian},
	number={14},
	year={2004},
	publisher={Cambridge university press}
}

@article{roesch2021collocation,
	title={Collocation based training of neural ordinary differential equations},
	author={Roesch, Elisabeth and Rackauckas, Christopher and Stumpf, Michael PH},
	journal={Statistical Applications in Genetics and Molecular Biology},
	volume={20},
	number={2},
	pages={37--49},
	year={2021},
	publisher={De Gruyter}
}